@book{de2000computational,
  title         = {Computational geometry},
  author        = {De Berg, Mark and Van Kreveld, Marc and Overmars, Mark and Schwarzkopf, Otfried Cheong},
  year          = {2000},
  publisher     = {Springer},
  chapter       = {13, 15},
  langid        = {english},
}

@article{eppstein1998finding,
  title         = {Finding the k shortest paths},
  author        = {Eppstein, David},
  journaltitle  = {SIAM Journal on computing},
  volume        = {28},
  number        = {2},
  pages         = {652--673},
  year          = {1998},
  publisher     = {SIAM},
  langid        = {english},
}

@article{yen1971finding,
  title         = {Finding the k shortest loopless paths in a network},
  author        = {Yen, Jin Y},
  journaltitle  = {management Science},
  volume        = {17},
  number        = {11},
  pages         = {712--716},
  year          = {1971},
  publisher     = {INFORMS},
  langid        = {english},
}

@article{lim2005shortest,
  title         = {A shortest path algorithm for real road network based on path overlap},
  author        = {Lim, Yongtaek and Kim, Hyunmyung},
  journaltitle  = {Journal of the Eastern Asia Society for Transportation Studies},
  volume        = {6},
  pages         = {1426--1438},
  year          = {2005},
  publisher     = {Eastern Asia Society for Transportation Studies},
  langid        = {english},
}

@article{dial1971probabilistic,
  title         = {A probabilistic multipath traffic assignment model which obviates path enumeration},
  author        = {Dial, Robert B},
  journaltitle  = {Transportation research},
  volume        = {5},
  number        = {2},
  pages         = {83--111},
  year          = {1971},
  publisher     = {Elsevier},
  langid        = {english},
}

@article{mafast,
  title         = {A fast node-directed multipath algorithm: Dijkstra-Hyperstar},
  author        = {Ma, Jiangshan and Fukuda, Daisuke and Schm{\"o}cker, Jan-Dirk},
  langid        = {english},
}

@book{visibility-proof,
  title         = {Computational geometry},
  author        = {De Berg, Mark and Van Kreveld, Marc and Overmars, Mark and Schwarzkopf, Otfried Cheong},
  year          = {2000},
  publisher     = {Springer},
  chapter       = {15},
  pages         = {325},
  langid        = {english},
}

@article{dijkstra1959note,
  title         = {A note on two problems in connexion with graphs},
  author        = {Dijkstra, Edsger W},
  journaltitle  = {Numerische mathematik},
  volume        = {1},
  number        = {1},
  pages         = {269--271},
  year          = {1959},
  publisher     = {Springer},
  langid        = {english},
}

@article{hart1968formal,
  title         = {A formal basis for the heuristic determination of minimum cost paths},
  author        = {Hart, Peter E and Nilsson, Nils J and Raphael, Bertram},
  journaltitle  = {Systems Science and Cybernetics, IEEE Transactions on},
  volume        = {4},
  number        = {2},
  pages         = {100--107},
  year          = {1968},
  langid        = {english},
}

@book{aichholzer1996straight,
  title         = {Straight skeletons for general polygonal figures in the plane},
  author        = {Aichholzer, Oswin and Aurenhammer, Franz},
  year          = {1996},
  publisher     = {Springer},
  langid        = {english},
}

@article{douglas1973algorithms,
  title         = {Algorithms for the reduction of the number of points required to represent a digitized line or its caricature},
  author        = {Douglas, David H and Peucker, Thomas K},
  journaltitle  = {Cartographica: The International Journal for Geographic Information and Geovisualization},
  volume        = {10},
  number        = {2},
  pages         = {112--122},
  year          = {1973},
  publisher     = {UT Press},
  langid        = {english},
}

@book{thomas1952conformal,
  title         = {Conformal projections in geodesy and cartography},
  author        = {Thomas, Paul D},
  volume        = {4},
  year          = {1952},
  publisher     = {US Government Printing Office},
  langid        = {english},
}

@book{o1984international,
  title         = {The international law of the sea},
  author        = {O'Connell, Daniel P and Shearer, Ivan Anthony},
  year          = {1984},
  publisher     = {Oxford University Press, USA},
  langid        = {english},
}

@article{floyd1962algorithm,
  title         = {Algorithm 97: shortest path},
  author        = {Floyd, Robert W},
  journaltitle  = {Communications of the ACM},
  volume        = {5},
  number        = {6},
  pages         = {345},
  year          = {1962},
  publisher     = {ACM},
  langid        = {english},
}

@misc{osm,
  url           = {www.openstreetmap.org}
}

@misc{opengl,
  url           = {https://www.opengl.org/}
}

